@BOOK {sm09,
  author = {Michael L. Scott},
  title = {Programing Language Pragmatics},
  year = {2009},
  edition = {3},
  address = {Burlington},
  publisher = {Morgan Kauffmann Publishers},
  pages = {910}
}

@BOOK {pt10,
  author = {Terence Parr},
  title = {Language Implementation Patterns: Create Your Own Domain-Specific and General Programming Languages},
  year = {2010},
  publisher = {Pragmatic Bookshelf},
  pages = {374}
}

@BOOK {gd08,
  author = {Dick Grune and Ceriel J.H. Jacobs},
  title = {Parsing Techniques: A Practical Guide},
  year = {2008},
  edition = {2},
  address = {New York},
  publisher = {Springer},
  pages = {662}
}

@BOOK {aa06,
  author = {Alfred V. Aho and Monica S. Lam and Ravi Sethi and Jeffrey D. Ullman},
  title = {Compilers: Principles, Techniques \& Tools},
  year = {2006},
  edition = {2},
  publisher = {Prentice Hall},
  pages = {1000}
}

@BOOK {dp01,
  author = {Daniel P. Friedman and Mitchell Wand and Christopher T. Haynes},
  title = {Essentials of Programming Languages},
  year = {2001},
  edition = {2},
  address = {Cambridge},
  publisher = {The MIT Press},
  pages = {408}
}

@MASTERSTHESIS{rt05,
  author = {Rudolf Thomas},
  title = {A Parser of the C++ Programming Language},
  year = {2005},
  school = {Charles University, Faculty of Mathematics and Physics},
  address = {Prague},
  type = {Examensarbete}
}

@BOOK {aa72,
  author = {Alfred V. Aho and Jeffrey D. Ullman},
  title = {Theory of parsing, translation and compiling},
  volume = {1},
  publisher = {Prentice Hall},
  pages = {542}
}

@ARTICLE {mk10,
  author = {Kevin Millikin and Florian Schneider},
  title = {A new Crankshaft for V8},
  year = {2010},
  journal = {The Chromium Blog},
  url = {http://blog.chromium.org/2010/12/new-crankshaft-for-v8.html},
  retrieved = {8.1.2013}
}

@PHDTHESIS{ma10,
  author = {Mads Ager},
  title = {The V8 JavaScript Engine: Design, Implementation, Testing and Benchmarking},
  address = {Odense},
  year = {2010},
  school = {University of Southern Denmark},
  url = {http://websrv0a.sdu.dk/ups/SCM/slides/lecture_03_mads_ager.pdf},
  retrieved = {8.1.2013}
}
